<?xml version="1.0" encoding="UTF-8"?><collection xmlns="http://www.loc.gov/MARC21/slim"><record><leader>00377nam--2200133-i-4500</leader><controlfield tag="001">000010870</controlfield><controlfield tag="002">20161230</controlfield><controlfield tag="005">20161230201029</controlfield><controlfield tag="008">060222s1000------------r-----000-0-eng-d</controlfield><datafield ind1=" " ind2=" " tag="080"><subfield code="a">681.3.06:621.37:62-52</subfield></datafield><datafield ind1=" " ind2=" " tag="245"><subfield code="a">Decomposition of large-scale problems</subfield></datafield><datafield ind1=" " ind2=" " tag="260"><subfield code="a">Amsterdam, North-holland Publishing Company,19 73. Ix + 571 P</subfield></datafield><datafield ind1=" " ind2=" " tag="700"><subfield code="a">David M. Himmelvlau</subfield></datafield><datafield ind1=" " ind2=" " tag="852"><subfield code="a">40223</subfield></datafield></record></collection>